@ONLINE{pyne2014,
author = {{the PyNE Development Team}},
title = {{PyNE: The Nuclear Engineering Toolkit}},
year = {2014},
url = {http://pyne.io}
}

@inproceedings{Bates2014,
author = {Bates, Cameron and Biondo, Elliott and Huff, Kathryn and et al.},
volume={111},
address = {Anaheim, CA, USA},
booktitle = {Am. Nuc. Soc. Winter Meeting 2014},
month = Nov,
title = {{PyNE Progress Report}},
year = {2014}
}

@ONLINE{cyclus2015,
author = {{the Cyclus Development Team}},
title = {{Cyclus}},
year = {2015},
url = {http://fuelcycle.org/}
}

@article{cyclus_v1.2,
author = "Robert Carlsen and Robert Flanagan and Matthew Gidden and Anthony Scopatz and John D. Xia",
title = "{Cyclus v1.2.0}",
journal = "figshare",
year = "2014",
month = "12",
url = "http://dx.doi.org/10.6084/m9.figshare.1256424"
}

@article{Cetnar2006640,
title = "General solution of Bateman equations for nuclear transmutations ",
journal = "Annals of Nuclear Energy ",
volume = "33",
number = "7",
pages = "640 - 645",
year = "2006",
note = "",
issn = "0306-4549",
doi = "http://dx.doi.org/10.1016/j.anucene.2006.02.004",
url = "http://www.sciencedirect.com/science/article/pii/S0306454906000284",
author = "Jerzy Cetnar",
abstract = "The paper concerns the linear chain method of solving Bateman equations for nuclear transmutation in derivation of the general solution for linear chain with repeated transitions and thus elimination of existing numerical problems. In addition, applications of derived equations for transmutation trajectory analysis method is presented. "
}

@techreport{harr2007precise,
  title={Precise calculation of complex radioactive decay chains},
  author={Harr, Logan J},
  year={2007},
  institution={DTIC Document}
}